<record><leader>00000cas a22000007a 4500</leader><controlfield tag="001">19882826</controlfield><controlfield tag="008">890616d18941903mouwr ne      0    0eng d</controlfield><datafield ind1=" " ind2=" " tag="010"><subfield code="a">sn 89066631 </subfield></datafield><datafield ind1=" " ind2=" " tag="040"><subfield code="a">MQN</subfield><subfield code="b">eng</subfield><subfield code="c">MQN</subfield><subfield code="d">OCLCQ</subfield></datafield><datafield ind1=" " ind2=" " tag="042"><subfield code="a">msc</subfield></datafield><datafield ind1="0" ind2="0" tag="245"><subfield code="a">Cedar City chronicle.</subfield></datafield><datafield ind1=" " ind2=" " tag="260"><subfield code="a">Cedar City, Mo. :</subfield><subfield code="b">Chronicle Pub. Co.</subfield></datafield><datafield ind1=" " ind2=" " tag="300"><subfield code="a">v.</subfield></datafield><datafield ind1=" " ind2=" " tag="310"><subfield code="a">Weekly</subfield></datafield><datafield ind1="1" ind2=" " tag="362"><subfield code="a">Began in 1894? Ceased in 1903.</subfield></datafield><datafield ind1=" " ind2=" " tag="588"><subfield code="a">Description based on: Vol. 6, no. 1 (Nov. 2, 1899).</subfield></datafield><datafield ind1=" " ind2=" " tag="752"><subfield code="a">United States</subfield><subfield code="b">Missouri</subfield><subfield code="c">Callaway</subfield><subfield code="d">Cedar City.</subfield></datafield><datafield ind1="0" ind2="7" tag="785"><subfield code="t">Cedar City reporter</subfield></datafield><datafield ind1="0" ind2="7" tag="785"><subfield code="t">Chronicle-reporter</subfield><subfield code="w">(DLC)sn 89066632</subfield></datafield></record>